<record><leader>00000cas a2200000 i 4500</leader><controlfield tag="001">14642848</controlfield><controlfield tag="008">861106d18461848wiudn ne      0    0eng c</controlfield><datafield ind1=" " ind2=" " tag="010"><subfield code="a">sn 86086589 </subfield></datafield><datafield ind1=" " ind2=" " tag="040"><subfield code="a">NPV</subfield><subfield code="b">eng</subfield><subfield code="e">rda</subfield><subfield code="c">NPV</subfield><subfield code="d">DLC</subfield><subfield code="d">NPV</subfield><subfield code="d">NVF</subfield><subfield code="d">CUI</subfield><subfield code="d">OCLCQ</subfield><subfield code="d">OCLCF</subfield><subfield code="d">IUL</subfield></datafield><datafield ind1=" " ind2=" " tag="042"><subfield code="a">pcc</subfield></datafield><datafield ind1=" " ind2=" " tag="043"><subfield code="a">n-us-wi</subfield></datafield><datafield ind1="0" ind2="0" tag="050"><subfield code="a">Newspaper</subfield></datafield><datafield ind1=" " ind2="4" tag="050"><subfield code="a">AN</subfield></datafield><datafield ind1="0" ind2="0" tag="245"><subfield code="a">Daily sentinel and gazette.</subfield></datafield><datafield ind1="1" ind2="3" tag="246"><subfield code="a">Sentinel and gazette</subfield></datafield><datafield ind1=" " ind2="1" tag="264"><subfield code="a">Milwaukie [i.e. Milwaukee, Wis.] :</subfield><subfield code="b">W.D. Wilson &amp; R. King,</subfield><subfield code="c">1846-1848</subfield></datafield><datafield ind1=" " ind2=" " tag="300"><subfield code="a">4 volumes :</subfield><subfield code="b">illustrations (chiefly advertisements) ;</subfield><subfield code="c">61 cm</subfield></datafield><datafield ind1=" " ind2=" " tag="310"><subfield code="a">Daily (except Sunday)</subfield></datafield><datafield ind1=" " ind2=" " tag="321"><subfield code="a">Daily,</subfield><subfield code="b">Feb. 16, 1846-Aug. 7, 1846</subfield></datafield><datafield ind1=" " ind2=" " tag="336"><subfield code="a">text</subfield><subfield code="b">txt</subfield><subfield code="2">rdacontent</subfield></datafield><datafield ind1=" " ind2=" " tag="337"><subfield code="a">unmediated</subfield><subfield code="b">n</subfield><subfield code="2">rdamedia</subfield></datafield><datafield ind1=" " ind2=" " tag="338"><subfield code="a">volume</subfield><subfield code="b">nc</subfield><subfield code="2">rdacarrier</subfield></datafield><datafield ind1="0" ind2=" " tag="362"><subfield code="a">Volume I, number 1 (February 16, 1846)-new series, volume IV, no. 143 (September 30, 1848).</subfield></datafield><datafield ind1=" " ind2=" " tag="500"><subfield code="a">Publisher varies.</subfield></datafield><datafield ind1=" " ind2=" " tag="500"><subfield code="a">Title from masthead.</subfield></datafield><datafield ind1=" " ind2=" " tag="580"><subfield code="a">Other eds.: Milwaukee weekly sentinel (Milwaukee, Wis. : 1846), 1846, and: Milwaukee sentinel and gazette (Milwaukee, Wis. : 1846).</subfield></datafield><datafield ind1=" " ind2="0" tag="651"><subfield code="a">Milwaukee (Wis.)</subfield><subfield code="v">Newspapers.</subfield></datafield><datafield ind1=" " ind2="0" tag="651"><subfield code="a">Milwaukee County (Wis.)</subfield><subfield code="v">Newspapers.</subfield></datafield><datafield ind1=" " ind2="7" tag="651"><subfield code="a">Wisconsin</subfield><subfield code="z">Milwaukee.</subfield><subfield code="2">fast</subfield><subfield code="0">(OCoLC)fst01206626</subfield></datafield><datafield ind1=" " ind2="7" tag="651"><subfield code="a">Wisconsin</subfield><subfield code="z">Milwaukee County.</subfield><subfield code="2">fast</subfield><subfield code="0">(OCoLC)fst01202910</subfield></datafield><datafield ind1=" " ind2="7" tag="655"><subfield code="a">Newspapers.</subfield><subfield code="2">fast</subfield><subfield code="0">(OCoLC)fst01423814</subfield></datafield><datafield ind1=" " ind2=" " tag="752"><subfield code="a">United States</subfield><subfield code="b">Wisconsin</subfield><subfield code="c">Milwaukee</subfield><subfield code="d">Milwaukee.</subfield></datafield><datafield ind1="1" ind2=" " tag="775"><subfield code="t">Milwaukee weekly sentinel (Milwaukee, Wis. : 1846)</subfield><subfield code="w">(DLC)sn 86086606</subfield><subfield code="w">(OCoLC)14640128</subfield></datafield><datafield ind1="1" ind2=" " tag="775"><subfield code="t">Milwaukee sentinel and gazette (Milwaukee, Wis. : 1846)</subfield><subfield code="w">(DLC)sn 86086607</subfield><subfield code="w">(OCoLC)14640189</subfield></datafield><datafield ind1="0" ind2="8" tag="776"><subfield code="i">Online version:</subfield><subfield code="t">Daily sentinel and gazette</subfield><subfield code="w">(OCoLC)654443508</subfield></datafield><datafield ind1="0" ind2="4" tag="780"><subfield code="t">Milwaukie daily sentinel</subfield><subfield code="w">(DLC)sn 86086595</subfield><subfield code="w">(OCoLC)14641825</subfield></datafield><datafield ind1="0" ind2="4" tag="780"><subfield code="t">Milwaukie daily gazette</subfield><subfield code="w">(DLC)sn 86086823</subfield><subfield code="w">(OCoLC)14927714</subfield></datafield><datafield ind1="0" ind2="0" tag="785"><subfield code="t">Milwaukee sentinel and gazette (Milwaukee, Wis. : 1848)</subfield><subfield code="w">(DLC)sn 86086590</subfield><subfield code="w">(OCoLC)14642957</subfield></datafield><datafield ind1="4" ind2="1" tag="856"><subfield code="u">http://infoweb.newsbank.com/?db=EANX&amp;s_browseRef=decades/119BAA7547AD9B50/all.xml</subfield></datafield><datafield ind1="1" ind2=" " tag="029"><subfield code="a">AU@</subfield><subfield code="b">000025830245</subfield></datafield></record>